@Misc{renderman16,
 author = {{Renderman Support}},
 title = {Writing and Compiling a Simple Shader},
 howpublished = {\url{https://renderman.pixar.com/view/simple-shader-writing}},
 notes = {2 August 2016},
 year = 2016
}

@Misc{fruits16,
 author = {{free-pictures-photos.com}},
 title = {Fruits large free pictures for print.},
 howpublished = {\url{https://www.free-pictures-photos.com/fruits/}},
 notes = {2 August 2016},
 year = 2016
}

@Book{pbr10,
 title = {Physically Based Rendering: From Theory to Implementation},
 publisher = {Elsevier},
 year = {2010},
author = {Matt Pharr and Greg Humphreys},
isbn = {978-0-12-375079-2}
}

@Book{rtr08,
 title = {Real-Time Rendering (3rd edition)},
 publisher = {A.K. Peters Ltd.},
 year = {2008},
author = {Tomas Akenine-M\"{o}ller and Eric Haines and Naty Hoffman},
isbn = {978-1-56881-424-7}
}

@article{crassin_neyret_sainz_green_eisemann_2011,
title={Interactive indirect illumination using voxel cone tracing},
DOI={10.1145/1944745.1944787},
journal={Symposium on Interactive 3D Graphics and Games on - I3D 11},
author={Crassin, Cyril and Neyret, Fabrice and Sainz, Miguel and Green, Simon and Eisemann, Elmar}, year={2011}
}

@article{crassin_green_2012,
title={Octree-Based Sparse Voxelization Using the GPU Hardware Rasterizer},
DOI={10.1201/b12288-26},
journal={OpenGL Insights},
author={Crassin, Cyril and Green, Simon},
year={2012},
pages={303}
}

@misc{Villegas2016,
author = {Jos√© Villegas},
title = {VCTRenderer},
year = {2016},
publisher = {GitHub},
journal = {GitHub repository},
howpublished = {\url{https://github.com/jose-villegas/VCTRenderer/}}
}
