@article{crassin_neyret_sainz_green_eisemann_2011,
title={Interactive indirect illumination using voxel cone tracing},
DOI={10.1145/1944745.1944787},
journal={Symposium on Interactive 3D Graphics and Games on - I3D 11},
author={Crassin, Cyril and Neyret, Fabrice and Sainz, Miguel and Green, Simon and Eisemann, Elmar}, year={2011}
}

@article{crassin_green_2012,
title={Octree-Based Sparse Voxelization Using the GPU Hardware Rasterizer},
DOI={10.1201/b12288-26},
journal={OpenGL Insights},
author={Crassin, Cyril and Green, Simon},
year={2012},
pages={303}
}

@misc{Villegas2016,
author = {Jos√© Villegas},
title = {VCTRenderer},
year = {2016},
publisher = {GitHub},
journal = {GitHub repository},
howpublished = {\url{https://github.com/jose-villegas/VCTRenderer/}}
}